%MEUS PADRÕES DE REFERENCIAS
%
%Artigos => Ultimo_Nome_Primeiro_Autor:Ano(aa)
%Conferencias(Sem Proceedings)=> Ultimo_Nome_Primeiro_Autor:Conferenc_Ano(aa)
%Inproceedings => Ultimo_Nome_Primeiro_Autor:Conferenc_Ano(aa)
%Teses e Dissertações => Ultimo_Nome_Autor:Universidade_Ano(aa)
%Books => Ultimo_Nome_Primeiro_Autor:Ano(aa)
%OBS: Mesmo autor  e ano => Ultimo_Nome_Primeiro_Autor_a:Ano(aa)
%

@article{palod2016agile,
	title={Agile Testing Automation Framework},
	author={Palod, Heet and Chaus, Danish},
	year={2016}
}
@article{bulgareli2015requisitos,
	title={Requisitos testaveis com behaviour-driven development},
	author={Bulgareli, Joao A and Foschini, Ivan J},
	year={2015}
}
@article{manuaba2019combination,
	title={Combination of Test-Driven Devolpment and Behaviour-Driven Development for Improving Backend Testing Performance},
	author={Manuaba, Ida BK},
	year={2019}
}
@article{moe2019comparative,
	title={Comparative Study of Test-Driven Development {(TDD)}, Behaviour-Driven Development {(BDD)} and Acceptance Test-Driven Development {(ATDD)}},
	author={Moe, Myint M},
	year={2019}
}
@article{barus2019implementaion,
	title={The implementation of {ATDD} and {BDD} from Testing Perspectives},
	author={Barus, Arlinta C},
	year={2019}
}

@article{nguyen2020principles,
	title={Principles and Practices of Agile Technique in Automotive Product},
	author={Nguyen, Jenny, Vidal and Vidal, Daniel and Al-Shamaa, Sawsan},
	year={2020}
}

@article{beedle2001,
	title={Agile manifesto},
	author={Beedle, M and Bennekum, AV.and Cockburn, A and Cunningham, W and Fowler, M and Highsmith, J and Thomas, D},
	year={2001}
}